@inproceedings{Arden:2015:FA:2859845.2859998,
 author = {Arden, Owen and Liu, Jed and Myers, Andrew C.},
 title = {Flow-Limited Authorization},
 booktitle = {Proceedings of the 2015 IEEE 28th Computer Security Foundations Symposium},
 series = {CSF '15},
 year = {2015},
 isbn = {978-1-4673-7538-2},
 pages = {569--583},
 numpages = {15},
 url = {https://doi.org/10.1109/CSF.2015.42},
 doi = {10.1109/CSF.2015.42},
 acmid = {2859998},
 publisher = {IEEE Computer Society},
 address = {Washington, DC, USA},
 keywords = {security, information flow control, authorization logic, access control, trust management, distributed systems, language-based security, dynamic policies},
} 

@inproceedings{SRMMlio,
    author = {Delan Stefan and Alejandro Russo and John C.
              Mitchell and David MaziÃ¨res},
    title = {Flexible dynamic information flow control in
              Haskell},
    booktitle = {Proceedings of the 4th ACM symposium on Haskell},
    year = {2011},
    URL = {http://www.truststc.org/pubs/889.html}
}

@inproceedings{Cooper:2009:RC:1599410.1599439,
 author = {Cooper, Ezra E.K. and Wadler, Philip},
 title = {The RPC Calculus},
 booktitle = {Proceedings of the 11th ACM SIGPLAN Conference on Principles and Practice of Declarative Programming},
 series = {PPDP '09},
 year = {2009},
 isbn = {978-1-60558-568-0},
 location = {Coimbra, Portugal},
 pages = {231--242},
 numpages = {12},
 url = {http://doi.acm.org/10.1145/1599410.1599439},
 doi = {10.1145/1599410.1599439},
 acmid = {1599439},
 publisher = {ACM},
 address = {New York, NY, USA},
 keywords = {continuation-passing style, defunctionalization, location-aware language, programming languages, trampolined style, web programming},
} 